@article{ontology:base,
    author = {De Gruyter},
    title = {Ontologies4Chem: the landscape of ontologies in chemistry},
    journal = {Pure and Applied Chemistry},
    year = {2022}
}

@book{TZ:gost0,
    publisher = {М.: ИПК, Издательство стандартов},
    title = {{ГОСТ 19.101-77 Виды программ и программных документов //Единая система программной документации. }},
    year = {2001},
}

@book{TZ:gost1,
    publisher = {М.: ИПК, Издательство стандартов},
    title = {{ГОСТ 19.102-77 Стадии разработки. //Единая система программной документации.}},
    year = {2001},
}

@book{TZ:gost2,
    publisher = {М.: ИПК, Издательство стандартов},
    title = {{ГОСТ 19.103-77 Обозначения программ и программных документов. //Единая система программной документации.}},
    year = {2001},
}

@book{TZ:gost3,
    publisher = {М.: ИПК, Издательство стандартов},
    title = {{ГОСТ 19.104-78 Основные надписи. //Единая система программной документации.}},
    year = {2001},
}

@book{TZ:gost4,
    publisher = {М.: ИПК, Издательство стандартов},
    title = {{ГОСТ 19.105-78 Общие требования к программным документам. //Единая система программной документации.}},
    year = {2001},
}

@book{TZ:gost5,
    publisher = {М.: ИПК, Издательство стандартов},
    title = {{ГОСТ 19.106-78 Требования к программным документам, выполненным печатным способом. //Единая система программной документации.}},
    year = {2001},
}

@book{TZ:gost6,
    publisher = {М.: ИПК, Издательство стандартов},
    title = {{ГОСТ 19.201-78 Техническое задание. Требования к содержанию и оформлению. //Единая система программной документации.}},
    year = {2001},
}

@book{TZ:gost7,
    publisher = {М.: ИПК, Издательство стандартов},
    title = {{ГОСТ 19.603-78 Общие правила внесения изменений. //Единая система программной документации.}},
    year = {2001},
}

@book{TZ:gost8,
    publisher = {М.: ИПК, Издательство стандартов},
    title = {{ГОСТ 19.604-78 Правила внесения изменений в программные документы, выполненные печатным способом. //Единая система программной документации.}},
    year = {2001},
}

@book{TZ:gost9,
    publisher = {М.: ИПК, Издательство стандартов},
    title = {{ГОСТ 19.301-79 Программа и методика испытаний. Требования к содержанию и оформлению. //Единая система программной документации.}},
    year = {2001},
}

@book{TZ:gost10,
    publisher = {М.: ИПК, Издательство стандартов},
    title = {{ГОСТ 19.505-79 Руководство оператора. Требования к содержанию и оформлению. //Единая система программной документации.}},
    year = {2001},
}

@book{TZ:gost11,
    publisher = {М.: ИПК, Издательство стандартов},
    title = {{ГОСТ 19.401-78 Текст программы. Требования к содержанию и оформлению. //Единая система программной документации.}},
    year = {2001},
}


@Online{arch:RBAC,
    organization = {NIST},
    title = {Role-Based Access Control (RBAC): Features and Motivations},
    author = {{David F. Ferraiolo, Janet A. Cugini, David R. Kuhn}},
    year = {1995},
    url = {https://www.nist.gov/publications/role-based-access-control-rbac-features-and-motivations},
    urldate = {2024-11-05},
    media = {eresource}
}

@Online{Framework:FastAPI,
    title = {FastAPI - The high-performance web framework for building APIs with Python},
    url = {https://fastapi.tiangolo.com/},
    urldate = {2024-12-11},
    note = {Режим доступа: свободный},
    media = {eresource}
}
