@Online{Framework:PrimeVue,
    title = {PrimeVue - The Ultimate Vue.js Component Library},
    url = {https://www.primefaces.org/primevue/},
    urldate = {2025-03-01},
    note = {Режим доступа: свободный},
    media = {eresource}
}

@Online{Library:SQLAlchemy,
    title = {SQLAlchemy - The Database Toolkit for Python},
    url = {https://www.sqlalchemy.org/},
    urldate = {2025-03-04},
    note = {Режим доступа: свободный},
    media = {eresource}
}

@Online{Library:Alembic,
    title = {Alembic - A database migrations tool for SQLAlchemy},
    url = {https://alembic.sqlalchemy.org/en/latest/},
    urldate = {2025-03-05},
    note = {Режим доступа: свободный},
    media = {eresource}
}

@Online{Library:Pydantic,
    title = {Pydantic - Data validation and settings management using Python type hints},
    url = {https://docs.pydantic.dev/latest/},
    urldate = {2025-03-02},
    note = {Режим доступа: свободный},
    media = {eresource}
}

@Online{Library:Axios,
    title = {Axios - Promise based HTTP client for the browser and node.js},
    url = {https://axios-http.com/},
    urldate = {2025-03-03},
    note = {Режим доступа: свободный},
    media = {eresource}
}

@Online{Tool:Docker,
    title = {Docker - Build, Ship, and Run Any App, Anywhere},
    url = {https://www.docker.com/},
    urldate = {2025-03-04},
    note = {Режим доступа: свободный},
    media = {eresource}
}

@Online{Tool:Nginx,
    title = {NGINX - High Performance Load Balancer, Web Server, \& Reverse Proxy},
    url = {https://www.nginx.com/},
    urldate = {2025-03-05},
    note = {Режим доступа: свободный},
    media = {eresource}
}

@Online{Tool:GitHubActions,
    title = {GitHub Actions - Automate your workflow},
    url = {https://github.com/features/actions},
    urldate = {2025-03-03},
    note = {Режим доступа: свободный},
    media = {eresource}
}

@Online{Tool:DockerCompose,
    title = {Docker Compose - Define and run multi-container applications},
    url = {https://docs.docker.com/compose/},
    urldate = {2025-03-04},
    note = {Режим доступа: свободный},
    media = {eresource}
}

@Online{Library:TailwindCSS,
    title = {Tailwind CSS - A utility-first CSS framework for rapid UI development},
    url = {https://tailwindcss.com/},
    urldate = {2025-03-03},
    note = {Режим доступа: свободный},
    media = {eresource}
}

@Online{Library:Pytest,
    title = {pytest - The pytest framework makes it easy to write small, readable tests},
    url = {https://docs.pytest.org/en/latest/},
    urldate = {2025-03-04},
    note = {Режим доступа: свободный},
    media = {eresource}
}

@Online{Library:NeoSemantics,
    title = {NeoSemantics - RDF \& Semantic Web capabilities for Neo4j},
    url = {https://neo4j.com/labs/neosemantics/},
    urldate = {2025-03-07},
    note = {Режим доступа: свободный},
    media = {eresource}
}

@Online{QueryLang:CypherQL,
    title = {Cypher Query Language - The query language for Neo4j},
    url = {https://neo4j.com/developer/cypher-query-language/},
    urldate = {2025-03-04},
    note = {Режим доступа: свободный},
    media = {eresource}
}

@Online{Framework:VueJS,
    title = {Vue.js - The Progressive JavaScript Framework},
    url = {https://vuejs.org/},
    urldate = {2024-12-05},
    note = {Режим доступа: свободный},
    media = {eresource}
}

@Online{Framework:FastAPI,
    title = {FastAPI - The high-performance web framework for building APIs with Python},
    url = {https://fastapi.tiangolo.com/},
    urldate = {2024-12-11},
    note = {Режим доступа: свободный},
    media = {eresource}
}


@Online{Library:Pinia,
    title = {Pinia - The intuitive store for Vue.js},
    url = {https://pinia.vuejs.org/},
    urldate = {2024-12-09},
    note = {Режим доступа: свободный},
    media = {eresource}
}

@Online{DB:Neo4j,
    title = {Neo4j - The Graph Database},
    url = {https://neo4j.com/},
    urldate = {2024-12-19},
    note = {Режим доступа: свободный},
    media = {eresource}
}