@article{ontology:base,
    author = {De Gruyter},
    title = {Ontologies4Chem: the landscape of ontologies in chemistry},
    journal = {Pure and Applied Chemistry},
    year = {2022}
}

@Online{Framework:VueJS,
    title = {Vue.js - The Progressive JavaScript Framework},
    url = {https://vuejs.org/},
    urldate = {2024-12-05},
    note = {Режим доступа: свободный},
    media = {eresource}
}

@Online{Framework:FastAPI,
    title = {FastAPI - The high-performance web framework for building APIs with Python},
    url = {https://fastapi.tiangolo.com/},
    urldate = {2024-12-11},
    note = {Режим доступа: свободный},
    media = {eresource}
}

@Online{Format:TOML,
    title = {TOML: Tom's Obvious Minimal Language},
    url = {https://toml.io/en/},
    urldate = {2025-04-04},
    note = {Режим доступа: свободный},
    media = {eresource}
}

@Online{Security:JWT,
    title = {JWT (JSON Web Token)},
    url = {https://jwt.io/},
    urldate = {2024-12-06},
    note = {Механизм аутентификации и передачи информации},
    media = {eresource}
}

@Online{Framework:PrimeVue,
    title = {PrimeVue - The Ultimate Vue.js Component Library},
    url = {https://www.primefaces.org/primevue/},
    urldate = {2025-03-01},
    note = {Режим доступа: свободный},
    media = {eresource}
}

@Online{Library:SQLAlchemy,
    title = {SQLAlchemy - The Database Toolkit for Python},
    url = {https://www.sqlalchemy.org/},
    urldate = {2025-03-04},
    note = {Режим доступа: свободный},
    media = {eresource}
}