% ------------------------------------------------------------------------------
% Ontology

@article{ontology:base1,
    author = {{Smith B., Ceusters W., Klagges B., et al.}},
    title = {Relations in biomedical ontologies},
    journal = {Genome Biology},
    year = {2005}
}

@article{ontology:base2,
    author = {{Hogan A., Blomqvist E., Cochez M., et al.}},
    title = {Knowledge Graphs},
    journal = {ACM Comput. Surv.},
    year = {2021}
}

@Online{ontology:OM2,
    title = {OM2 ontology},
    url = {https://github.com/HajoRijgersberg/OM},
    urldate = {2024-12-05},
    note = {Режим доступа: свободный},
    media = {eresource}
}

@Online{ontology:СhEBI,
    title = {ChEBI ontology},
    url = {https://www.ebi.ac.uk/chebi/},
    urldate = {2025-01-16},
    note = {Режим доступа: свободный},
    media = {eresource}
}

@Online{ELN:Benchling,
    title = {Benchling ELN},
    url = {https://www.benchling.com/},
    urldate = {2024-12-03},
    note = {Режим доступа: свободный},
    media = {eresource}
}

@Online{ELN:LabArchives,
    title = {LabArchives ELN},
    url = {https://www.labarchives.com/},
    urldate = {2024-12-12},
    note = {Режим доступа: свободный},
    media = {eresource}
}

@Online{ELN:OpenBIS,
    title = {OpenBIS ELN},
    url = {https://openbis.ch/},
    urldate = {2024-12-18},
    note = {Режим доступа: свободный},
    media = {eresource}
}

@Online{ELN:Chemotion,
    title = {Chemotion ELN},
    url = {https://www.chemotion.net/},
    urldate = {2024-12-08},
    note = {Режим доступа: свободный},
    media = {eresource}
}

@Online{DB:PostgreSQL,
    title = {PostgreSQL - The World's Most Advanced Open Source Relational Database},
    url = {https://www.postgresql.org/},
    urldate = {2024-12-25},
    note = {Режим доступа: свободный},
    media = {eresource}
}

@Online{Framework:VueJS,
    title = {Vue.js - The Progressive JavaScript Framework},
    url = {https://vuejs.org/},
    urldate = {2024-12-05},
    note = {Режим доступа: свободный},
    media = {eresource}
}

@Online{Framework:FastAPI,
    title = {FastAPI - The high-performance web framework for building APIs with Python},
    url = {https://fastapi.tiangolo.com/},
    urldate = {2024-12-11},
    note = {Режим доступа: свободный},
    media = {eresource}
}

@Online{Library:VueRouter,
    title = {Vue Router - The official router for Vue.js},
    url = {https://router.vuejs.org/},
    urldate = {2024-12-20},
    note = {Режим доступа: свободный},
    media = {eresource}
}

@Online{Library:Pinia,
    title = {Pinia - The intuitive store for Vue.js},
    url = {https://pinia.vuejs.org/},
    urldate = {2024-12-09},
    note = {Режим доступа: свободный},
    media = {eresource}
}

@Online{Library:AntDesignVue,
    title = {Ant Design Vue - Enterprise-class UI components for Vue},
    url = {https://antdv.com/},
    urldate = {2024-12-14},
    note = {Режим доступа: свободный},
    media = {eresource}
}

@Online{Format:XML,
    title   = {XML (Extensible Markup Language)},
    url     = {https://www.w3.org/TR/2008/REC-xml-20081126/},
    urldate = {2024-12-07},
    media   = {eresource}
}

@Online{Format:JSON,
    title = {JSON (JavaScript Object Notation)},
    url = {https://www.json.org/},
    urldate = {2024-12-22},
    note = {Формат обмена данными, основанный на JavaScript},
    media = {eresource}
}

@Online{Format:TOML,
    title = {TOML: Tom's Obvious Minimal Language},
    url = {https://toml.io/en/},
    urldate = {2025-04-04},
    note = {Режим доступа: свободный},
    media = {eresource}
}

@Online{DB:Neo4j,
    title = {Neo4j - The Graph Database},
    url = {https://neo4j.com/},
    urldate = {2024-12-19},
    note = {Режим доступа: свободный},
    media = {eresource}
}

@Online{Security:JWT,
    title = {JWT (JSON Web Token)},
    url = {https://jwt.io/},
    urldate = {2024-12-06},
    note = {Механизм аутентификации и передачи информации},
    media = {eresource}
}

@Online{API:OpenAPI,
    title = {OpenAPI Specification},
    url = {https://swagger.io/specification/},
    urldate = {2024-12-15},
    note = {Стандарт для описания API},
    media = {eresource}
}

@Online{Library:Asyncpg,
    title = {asyncpg - A fast PostgreSQL Database Client Library for Python/asyncio},
    url = {https://github.com/MagicStack/asyncpg},
    urldate = {2024-12-29},
    note = {Режим доступа: свободный},
    media = {eresource}
}

@Online{Library:Neo4jPython,
    title = {Neo4j Python Driver},
    url = {https://neo4j.com/developer/python/},
    urldate = {2024-12-30},
    note = {Режим доступа: свободный},
    media = {eresource}
}

@phdthesis{arch:REST,
    author = {Fielding, Roy Thomas and Taylor, Richard N.},
    title = {Architectural Styles and the Design of Network-Based Software Architectures},
    year = {2000},
    isbn = {0599871180},
    publisher = {University of California, Irvine},
    note = {AAI9980887}
}

% ------------------------------------------------------------------------------
% Technologies and Frameworks

@Online{Framework:PrimeVue,
    title = {PrimeVue - The Ultimate Vue.js Component Library},
    url = {https://www.primefaces.org/primevue/},
    urldate = {2025-03-01},
    note = {Режим доступа: свободный},
    media = {eresource}
}

@Online{Library:SQLAlchemy,
    title = {SQLAlchemy - The Database Toolkit for Python},
    url = {https://www.sqlalchemy.org/},
    urldate = {2025-03-04},
    note = {Режим доступа: свободный},
    media = {eresource}
}

@Online{Library:Alembic,
    title = {Alembic - A database migrations tool for SQLAlchemy},
    url = {https://alembic.sqlalchemy.org/en/latest/},
    urldate = {2025-03-05},
    note = {Режим доступа: свободный},
    media = {eresource}
}

@Online{Library:Pydantic,
    title = {Pydantic - Data validation and settings management using Python type hints},
    url = {https://docs.pydantic.dev/latest/},
    urldate = {2025-03-02},
    note = {Режим доступа: свободный},
    media = {eresource}
}

@Online{Library:Axios,
    title = {Axios - Promise based HTTP client for the browser and node.js},
    url = {https://axios-http.com/},
    urldate = {2025-03-03},
    note = {Режим доступа: свободный},
    media = {eresource}
}

@Online{Tool:Docker,
    title = {Docker - Build, Ship, and Run Any App, Anywhere},
    url = {https://www.docker.com/},
    urldate = {2025-03-04},
    note = {Режим доступа: свободный},
    media = {eresource}
}

@Online{Tool:Nginx,
    title = {NGINX - High Performance Load Balancer, Web Server, \& Reverse Proxy},
    url = {https://www.nginx.com/},
    urldate = {2025-03-05},
    note = {Режим доступа: свободный},
    media = {eresource}
}

@Online{Tool:GitHubActions,
    title = {GitHub Actions - Automate your workflow},
    url = {https://github.com/features/actions},
    urldate = {2025-03-03},
    note = {Режим доступа: свободный},
    media = {eresource}
}

@Online{Tool:DockerCompose,
    title = {Docker Compose - Define and run multi-container applications},
    url = {https://docs.docker.com/compose/},
    urldate = {2025-03-04},
    note = {Режим доступа: свободный},
    media = {eresource}
}

@Online{Tool:Kubernetes,
    title = {Kubernetes - Production-Grade Container Orchestration},
    url = {https://kubernetes.io/},
    urldate = {2025-03-08},
    note = {Режим доступа: свободный},
    media = {eresource}
}

@Online{Framework:DRF,
    title = {Django REST Framework - A powerful and flexible toolkit for building Web APIs},
    url = {https://www.django-rest-framework.org/},
    urldate = {2025-03-05},
    note = {Режим доступа: свободный},
    media = {eresource}
}

@Online{Framework:Flask,
    title = {Flask - A lightweight WSGI web application framework},
    url = {https://flask.palletsprojects.com/},
    urldate = {2025-03-04},
    note = {Режим доступа: свободный},
    media = {eresource}
}

@Online{Framework:React,
    title = {React - A JavaScript library for building user interfaces},
    url = {https://react.dev/},
    urldate = {2025-03-05},
    note = {Режим доступа: свободный},
    media = {eresource}
}

@Online{Framework:Angular,
    title = {Angular - The web framework for building mobile and desktop apps},
    url = {https://angular.io/},
    urldate = {2025-03-01},
    note = {Режим доступа: свободный},
    media = {eresource}
}

@Online{DB:MySQL,
    title = {MySQL - The world's most popular open source database},
    url = {https://www.mysql.com/},
    urldate = {2025-03-02},
    note = {Режим доступа: свободный},
    media = {eresource}
}

@Online{Library:TailwindCSS,
    title = {Tailwind CSS - A utility-first CSS framework for rapid UI development},
    url = {https://tailwindcss.com/},
    urldate = {2025-03-03},
    note = {Режим доступа: свободный},
    media = {eresource}
}

@Online{Library:Pytest,
    title = {pytest - The pytest framework makes it easy to write small, readable tests},
    url = {https://docs.pytest.org/en/latest/},
    urldate = {2025-03-04},
    note = {Режим доступа: свободный},
    media = {eresource}
}

@Online{Library:NeoSemantics,
    title = {NeoSemantics - RDF \& Semantic Web capabilities for Neo4j},
    url = {https://neo4j.com/labs/neosemantics/},
    urldate = {2025-03-07},
    note = {Режим доступа: свободный},
    media = {eresource}
}

@Online{Framework:Starlette,
    title = {Starlette - The ASGI framework for Python},
    url = {https://www.starlette.io/},
    urldate = {2025-03-05},
    note = {Режим доступа: свободный},
    media = {eresource}
}

@Online{Lang:Go,
    title = {Go Programming Language},
    url = {https://go.dev/},
    urldate = {2025-03-02},
    note = {Режим доступа: свободный},
    media = {eresource}
}

@Online{Lang:NodeJS,
    title = {Node.js - JavaScript runtime built on Chrome's V8 engine},
    url = {https://nodejs.org/},
    urldate = {2025-03-03},
    note = {Режим доступа: свободный},
    media = {eresource}
}

@Online{QueryLang:CypherQL,
    title = {Cypher Query Language - The query language for Neo4j},
    url = {https://neo4j.com/developer/cypher-query-language/},
    urldate = {2025-03-04},
    note = {Режим доступа: свободный},
    media = {eresource}
}

@Online{Proofs:CompareUILibraries,
    title = {Сравнение тяжеловесности популярных библиотек UI компонент для Vue 3},
    url = {https://habr.com/ru/articles/745012/},
    urldate = {2024-12-15},
    note = {Режим доступа: свободный},
    media = {eresource}
}

@Online{Proofs:Postgres-vs-MySQL,
    title = {PostgreSQL vs MySQL in 2024–25: Performance, Use Cases, Syntax Differences},
    url = {https://softwarestudylab.com/postgresql-vs-mysql-in-2024-25-performance-use-cases-syntax-differences/},
    urldate = {2025-05-16},
    note = {Режим доступа: свободный},
    media = {eresource}
}

@Online{Framework:Vuetify,
    title = {Vuetify — Vue UI Library with Material Design Components},
    url = {https://vuetifyjs.com/en/},
    urldate = {2024-12-16},
    note = {Режим доступа: свободный},
    media = {eresource}
}

@Online{Framework:MaterialDesign,
    title = {Material Design 3},
    url = {https://m3.material.io/},
    urldate = {2024-12-16},
    note = {Режим доступа: свободный},
    media = {eresource}
}